<record><leader>00000cas a22000007a 4500</leader><controlfield tag="001">10596229</controlfield><controlfield tag="008">840405d18751876nbuwr ne      0    0eng d</controlfield><datafield ind1=" " ind2=" " tag="010"><subfield code="a">sn 84022853 </subfield></datafield><datafield ind1=" " ind2=" " tag="040"><subfield code="a">NPX</subfield><subfield code="b">eng</subfield><subfield code="c">NPX</subfield><subfield code="d">NVG</subfield><subfield code="d">OCLCQ</subfield><subfield code="d">OCLCF</subfield><subfield code="d">OCLCO</subfield></datafield><datafield ind1="1" ind2=" " tag="029"><subfield code="a">AU@</subfield><subfield code="b">000020632798</subfield></datafield><datafield ind1=" " ind2=" " tag="042"><subfield code="a">msc</subfield></datafield><datafield ind1=" " ind2=" " tag="043"><subfield code="a">n-us-nb</subfield></datafield><datafield ind1="0" ind2="4" tag="245"><subfield code="a">The York sentinel.</subfield></datafield><datafield ind1=" " ind2=" " tag="260"><subfield code="a">York, Neb. :</subfield><subfield code="b">F.H. Gerrard</subfield></datafield><datafield ind1=" " ind2=" " tag="300"><subfield code="a">v.</subfield></datafield><datafield ind1=" " ind2=" " tag="310"><subfield code="a">Weekly</subfield></datafield><datafield ind1="1" ind2=" " tag="362"><subfield code="a">Began in 1875; ceased in Apr. 1876.</subfield><subfield code="z">Cf. Hist. of Neb., 1882.</subfield></datafield><datafield ind1=" " ind2=" " tag="500"><subfield code="a">Editor: F.H. Gerrard, &lt;1876&gt;.</subfield></datafield><datafield ind1=" " ind2=" " tag="588"><subfield code="a">Description based on: Vol. 1, no. 50 (Apr. 6, 1876).</subfield></datafield><datafield ind1=" " ind2="0" tag="651"><subfield code="a">York County (Neb.)</subfield><subfield code="v">Newspapers.</subfield></datafield><datafield ind1=" " ind2="7" tag="655"><subfield code="a">Newspapers.</subfield><subfield code="2">fast</subfield><subfield code="0">(OCoLC)fst01423814</subfield></datafield><datafield ind1=" " ind2="7" tag="651"><subfield code="a">Nebraska</subfield><subfield code="z">York County.</subfield><subfield code="2">fast</subfield><subfield code="0">(OCoLC)fst01209194</subfield></datafield><datafield ind1="1" ind2=" " tag="700"><subfield code="a">Gerrard, F. H.</subfield></datafield><datafield ind1=" " ind2=" " tag="752"><subfield code="a">United States</subfield><subfield code="b">Nebraska</subfield><subfield code="c">York</subfield><subfield code="d">York.</subfield></datafield><datafield ind1="1" ind2=" " tag="776"><subfield code="c">Microfilm</subfield><subfield code="d">Nebraska State Historical Society</subfield><subfield code="w">(DLC)sn 95069628</subfield></datafield><datafield ind1="0" ind2="0" tag="780"><subfield code="t">York record</subfield></datafield><datafield ind1="0" ind2="0" tag="785"><subfield code="t">York Republican (York, Neb.)</subfield></datafield></record>